@online{analytics_yogi_svm,
  author       = {Analytics Yogi},
  title        = {Support Vector Machine (SVM) Python Example},
  year         = 2023,
  url          = {https://vitalflux.com/classification-model-svm-classifier-python-example/},
  note         = {Accessed: 2024-05-24}
}

@online{javatpoint_knn,
  author       = {JavaTpoint},
  title        = {K-Nearest Neighbors (KNN) Algorithm},
  year         = 2023,
  url          = {https://www.javatpoint.com/k-nearest-neighbor-algorithm-for-machine-learning},
  note         = {Accessed: 2024-05-24}
}

@online{javatpoint_dt,
  author       = {JavaTpoint},
  title        = {Decision Tree Algorithm},
  year         = 2023,
  url          = {https://www.javatpoint.com/machine-learning-decision-tree-classification-algorithm},
  note         = {Accessed: 2024-05-24}
}

@online{javatpoint_rf,
  author       = {JavaTpoint},
  title        = {Random Forest Algorithm},
  year         = 2023,
  url          = {https://www.javatpoint.com/machine-learning-random-forest-algorithm},
  urldate      = {2024-05-24}
}


@online{geeksforgeeks_ann,
  author       = {GeeksforGeeks},
  title        = {Artificial Neural Network (ANN)},
  year         = 2023,
  url          = {https://www.geeksforgeeks.org/artificial-neural-networks-and-its-applications/},
  note         = {Accessed: 2024-05-24}
}

@online{javatpoint_rl,
  author       = {JavaTpoint},
  title        = {Reinforcement Learning},
  year         = 2023,
  url          = {https://www.javatpoint.com/reinforcement-learning},
  note         = {Accessed: 2024-05-24}
}
